<?xml version="1.0" encoding="UTF-8"?>
<record>
  <leader>00000nas a2200000 c 4500</leader>
  <controlfield tag="001">99370699582506441</controlfield>
  <controlfield tag="005">20171201133234.0</controlfield>
  <controlfield tag="007">cr||||||||||||</controlfield>
  <controlfield tag="008">090806c20099999gw u||p|o ||| 0||||1ger c</controlfield>
  <datafield tag="016" ind1="7" ind2=" ">
    <subfield code="2">DE-101</subfield>
    <subfield code="a">995821623</subfield>
  </datafield>
  <datafield tag="016" ind1="7" ind2=" ">
    <subfield code="2">DE-600</subfield>
    <subfield code="a">2508993-6</subfield>
  </datafield>
  <datafield tag="035" ind1=" " ind2=" ">
    <subfield code="a">(CKB)2940000000001369</subfield>
  </datafield>
  <datafield tag="035" ind1=" " ind2=" ">
    <subfield code="a">(OCoLC)1184295229</subfield>
  </datafield>
  <datafield tag="035" ind1=" " ind2=" ">
    <subfield code="a">(OCoLC)642992354</subfield>
  </datafield>
  <datafield tag="035" ind1=" " ind2=" ">
    <subfield code="a">(DE-101)995821623</subfield>
  </datafield>
  <datafield tag="035" ind1=" " ind2=" ">
    <subfield code="a">(DE-599)ZDB2508993-6</subfield>
  </datafield>
  <datafield tag="035" ind1=" " ind2=" ">
    <subfield code="a">(EXLCZ)992940000000001369</subfield>
  </datafield>
  <datafield tag="040" ind1=" " ind2=" ">
    <subfield code="a">0084</subfield>
    <subfield code="b">ger</subfield>
    <subfield code="c">DE-101</subfield>
    <subfield code="d">9999</subfield>
  </datafield>
  <datafield tag="041" ind1=" " ind2=" ">
    <subfield code="a">ger</subfield>
    <subfield code="a">eng</subfield>
  </datafield>
  <datafield tag="044" ind1=" " ind2=" ">
    <subfield code="c">XA-DE</subfield>
  </datafield>
  <datafield tag="082" ind1="7" ind2="4">
    <subfield code="a">370</subfield>
    <subfield code="q">DE-600</subfield>
    <subfield code="2">22sdnb</subfield>
  </datafield>
  <datafield tag="110" ind1="2" ind2=" ">
    <subfield code="0">(DE-588)64944-2</subfield>
    <subfield code="0">https://d-nb.info/gnd/64944-2</subfield>
    <subfield code="0">(DE-101)000649449</subfield>
    <subfield code="a">Bergische Universität Wuppertal</subfield>
    <subfield code="e">Verfasser</subfield>
    <subfield code="4">aut</subfield>
    <subfield code="2">gnd</subfield>
    <subfield code="0">https://portal.dnb.de/opac.htm?method=simpleSearch&amp;cqlMode=true&amp;query=idn=000649449</subfield>
    <subfield code="0">http://viaf.org/viaf/sourceID/DNB|000649449</subfield>
    <subfield code="B">GND-000649449</subfield>
  </datafield>
  <datafield tag="245" ind1="1" ind2="0">
    <subfield code="a">BUW-Output</subfield>
    <subfield code="b">Forschungsmagazin = Research bulletin / Universität Wuppertal ; hrsg. im Auftrag des Rektorates</subfield>
  </datafield>
  <datafield tag="246" ind1=" " ind2=" ">
    <subfield code="a">BUW-Output</subfield>
  </datafield>
  <datafield tag="246" ind1=" " ind2=" ">
    <subfield code="a">BUW-Output</subfield>
  </datafield>
  <datafield tag="246" ind1="1" ind2="1">
    <subfield code="a">Research bulletin / Universität Wuppertal ; hrsg. im Auftrag des Rektorates</subfield>
  </datafield>
  <datafield tag="246" ind1="3" ind2=" ">
    <subfield code="a">Output</subfield>
  </datafield>
  <datafield tag="264" ind1="3" ind2="1">
    <subfield code="a">Wuppertal</subfield>
    <subfield code="b">BUW</subfield>
    <subfield code="c">2009-</subfield>
  </datafield>
  <datafield tag="300" ind1=" " ind2=" ">
    <subfield code="a">Online-Ressource</subfield>
  </datafield>
  <datafield tag="336" ind1=" " ind2=" ">
    <subfield code="a">Text</subfield>
    <subfield code="b">txt</subfield>
    <subfield code="2">rdacontent</subfield>
  </datafield>
  <datafield tag="337" ind1=" " ind2=" ">
    <subfield code="a">Computermedien</subfield>
    <subfield code="b">c</subfield>
    <subfield code="2">rdamedia</subfield>
  </datafield>
  <datafield tag="338" ind1=" " ind2=" ">
    <subfield code="a">Online-Ressource</subfield>
    <subfield code="b">cr</subfield>
    <subfield code="2">rdacarrier</subfield>
  </datafield>
  <datafield tag="362" ind1="0" ind2=" ">
    <subfield code="a">2009 -</subfield>
  </datafield>
  <datafield tag="363" ind1="0" ind2="1">
    <subfield code="8">1.1\x</subfield>
    <subfield code="i">2009</subfield>
  </datafield>
  <datafield tag="500" ind1=" " ind2=" ">
    <subfield code="a">Gesehen am 8.2.11</subfield>
  </datafield>
  <datafield tag="655" ind1=" " ind2="7">
    <subfield code="0">(DE-588)4067488-5</subfield>
    <subfield code="0">https://d-nb.info/gnd/4067488-5</subfield>
    <subfield code="0">(DE-101)040674886</subfield>
    <subfield code="a">Zeitschrift</subfield>
    <subfield code="2">gnd-content</subfield>
  </datafield>
  <datafield tag="776" ind1=" " ind2=" ">
    <subfield code="x">2190-0574</subfield>
    <subfield code="0">http://worldcat.org/issn/2190-0574</subfield>
  </datafield>
  <datafield tag="850" ind1=" " ind2=" ">
    <subfield code="a">DE-101a</subfield>
    <subfield code="a">DE-101b</subfield>
  </datafield>
  <datafield tag="906" ind1=" " ind2=" ">
    <subfield code="a">JOURNAL</subfield>
  </datafield>
  <datafield tag="MBD" ind1=" " ind2=" ">
    <subfield code="M">49HBZ_NETWORK</subfield>
    <subfield code="i">99370699582506441</subfield>
    <subfield code="n">HBZ Network</subfield>
  </datafield>
  <datafield tag="MBD" ind1=" " ind2=" ">
    <subfield code="M">49HBZ_ZBS</subfield>
    <subfield code="i">998475736206478</subfield>
    <subfield code="n">Deutsche Sporthochschule Köln</subfield>
  </datafield>
  <datafield tag="MBD" ind1=" " ind2=" ">
    <subfield code="M">49HBZ_FUH</subfield>
    <subfield code="i">99381827500706464</subfield>
    <subfield code="n">Fernuniversität Hagen</subfield>
  </datafield>
  <datafield tag="MBD" ind1=" " ind2=" ">
    <subfield code="M">49HBZ_ULB</subfield>
    <subfield code="i">991045280382606467</subfield>
    <subfield code="n">Universitaet Bonn</subfield>
  </datafield>
  <datafield tag="MBD" ind1=" " ind2=" ">
    <subfield code="M">49HBZ_UDE</subfield>
    <subfield code="i">99206348251006446</subfield>
    <subfield code="n">Universität Duisburg-Essen</subfield>
  </datafield>
  <datafield tag="MBD" ind1=" " ind2=" ">
    <subfield code="M">49HBZ_ULM</subfield>
    <subfield code="i">991044846530706449</subfield>
    <subfield code="n">Universität Münster</subfield>
  </datafield>
  <datafield tag="MBD" ind1=" " ind2=" ">
    <subfield code="M">49HBZ_PAD</subfield>
    <subfield code="i">9925050022906463</subfield>
    <subfield code="n">Universitätsbibliothek Paderborn</subfield>
  </datafield>
  <datafield tag="MNG" ind1=" " ind2=" ">
    <subfield code="c">system</subfield>
    <subfield code="f">CKB</subfield>
    <subfield code="i">marc21</subfield>
    <subfield code="e">false</subfield>
    <subfield code="d">2023-02-13 04:13:51 Europe/Berlin</subfield>
    <subfield code="g">992940000000001369</subfield>
    <subfield code="a">CKB</subfield>
    <subfield code="b">2021-04-19 23:15:19 Europe/Berlin</subfield>
  </datafield>
  <datafield tag="POR" ind1=" " ind2=" ">
    <subfield code="j">Ezb</subfield>
    <subfield code="x">System</subfield>
    <subfield code="a">5329531840006478</subfield>
    <subfield code="M">49HBZ_ZBS</subfield>
    <subfield code="p">6127036270006478</subfield>
    <subfield code="q">EZB-FREE-00999 freely available EZB journals</subfield>
    <subfield code="c">param</subfield>
    <subfield code="o">615280000000001088</subfield>
    <subfield code="y">2023-08-14 14:21:54 Europe/Berlin</subfield>
    <subfield code="w">2023-08-14 14:21:39 Europe/Berlin</subfield>
    <subfield code="D">https://eu04.alma.exlibrisgroup.com/view/uresolver/49HBZ_NETWORK/openurl?u.ignore_date_coverage=true&amp;portfolio_pid=5329531840006478&amp;Force_direct=true</subfield>
    <subfield code="v">NON_SFX_CREATOR</subfield>
    <subfield code="z">2023-08-14 12:21:39</subfield>
    <subfield code="n"> Available from 2009 issue: 1.</subfield>
    <subfield code="i">false</subfield>
    <subfield code="S">6227036260006478</subfield>
    <subfield code="d">https://hbz-network.userservices.exlibrisgroup.com/view/uresolver/49HBZ_NETWORK/openurl?u.ignore_date_coverage=true&amp;rft.mms_id=998475736206478</subfield>
    <subfield code="b">Available</subfield>
    <subfield code="f">JOURNAL</subfield>
    <subfield code="8">5329531840006478</subfield>
  </datafield>
  <datafield tag="POC" ind1=" " ind2=" ">
    <subfield code="a">5329531840006478</subfield>
    <subfield code="b">2009</subfield>
    <subfield code="d">1</subfield>
    <subfield code="f">1</subfield>
    <subfield code="j">1</subfield>
  </datafield>
  <datafield tag="POR" ind1=" " ind2=" ">
    <subfield code="j">Ezb</subfield>
    <subfield code="x">System</subfield>
    <subfield code="a">53136878890006464</subfield>
    <subfield code="h">EZProxy</subfield>
    <subfield code="M">49HBZ_FUH</subfield>
    <subfield code="p">61136607210006464</subfield>
    <subfield code="q">EZB-FREE-00999 freely available EZB journals</subfield>
    <subfield code="c">param</subfield>
    <subfield code="o">615280000000001088</subfield>
    <subfield code="y">2022-07-05 10:13:20 Europe/Berlin</subfield>
    <subfield code="w">2022-07-05 10:13:12 Europe/Berlin</subfield>
    <subfield code="D">https://eu04.alma.exlibrisgroup.com/view/uresolver/49HBZ_NETWORK/openurl?u.ignore_date_coverage=true&amp;portfolio_pid=53136878890006464&amp;Force_direct=true</subfield>
    <subfield code="v">NON_SFX_CREATOR</subfield>
    <subfield code="z">2022-07-05 08:13:12</subfield>
    <subfield code="n"> Available from 2009 issue: 1.</subfield>
    <subfield code="i">true</subfield>
    <subfield code="S">62136607200006464</subfield>
    <subfield code="d">https://hbz-network.userservices.exlibrisgroup.com/view/uresolver/49HBZ_NETWORK/openurl?u.ignore_date_coverage=true&amp;rft.mms_id=99381827500706464</subfield>
    <subfield code="b">Available</subfield>
    <subfield code="f">JOURNAL</subfield>
    <subfield code="8">53136878890006464</subfield>
  </datafield>
  <datafield tag="POC" ind1=" " ind2=" ">
    <subfield code="a">53136878890006464</subfield>
    <subfield code="b">2009</subfield>
    <subfield code="d">1</subfield>
    <subfield code="f">1</subfield>
    <subfield code="j">1</subfield>
  </datafield>
  <datafield tag="POR" ind1=" " ind2=" ">
    <subfield code="j">Ezb</subfield>
    <subfield code="x">System</subfield>
    <subfield code="a">53355917830006467</subfield>
    <subfield code="M">49HBZ_ULB</subfield>
    <subfield code="p">61320827360006467</subfield>
    <subfield code="q">EZB-FREE-00999 freely available EZB journals</subfield>
    <subfield code="c">param</subfield>
    <subfield code="o">615280000000001088</subfield>
    <subfield code="y">2023-07-25 20:35:59 Europe/Berlin</subfield>
    <subfield code="w">2023-07-25 20:35:45 Europe/Berlin</subfield>
    <subfield code="D">https://eu04.alma.exlibrisgroup.com/view/uresolver/49HBZ_NETWORK/openurl?u.ignore_date_coverage=true&amp;portfolio_pid=53355917830006467&amp;Force_direct=true</subfield>
    <subfield code="v">NON_SFX_CREATOR</subfield>
    <subfield code="z">2023-07-25 18:35:45</subfield>
    <subfield code="n"> Available from 2009 issue: 1.</subfield>
    <subfield code="i">false</subfield>
    <subfield code="S">62320827350006467</subfield>
    <subfield code="d">https://hbz-network.userservices.exlibrisgroup.com/view/uresolver/49HBZ_NETWORK/openurl?u.ignore_date_coverage=true&amp;rft.mms_id=991045280382606467</subfield>
    <subfield code="b">Available</subfield>
    <subfield code="f">JOURNAL</subfield>
    <subfield code="8">53355917830006467</subfield>
  </datafield>
  <datafield tag="POC" ind1=" " ind2=" ">
    <subfield code="a">53355917830006467</subfield>
    <subfield code="b">2009</subfield>
    <subfield code="d">1</subfield>
    <subfield code="f">1</subfield>
    <subfield code="j">1</subfield>
  </datafield>
  <datafield tag="POR" ind1=" " ind2=" ">
    <subfield code="j">Ezb</subfield>
    <subfield code="x">System</subfield>
    <subfield code="a">53436686710006446</subfield>
    <subfield code="M">49HBZ_UDE</subfield>
    <subfield code="p">61436539580006446</subfield>
    <subfield code="q">Zu den frei zugänglichen Zeitschriften aus der EZB</subfield>
    <subfield code="c">param</subfield>
    <subfield code="o">615280000000001088</subfield>
    <subfield code="y">2021-04-16 15:33:15 Europe/Berlin</subfield>
    <subfield code="w">2021-04-16 15:33:05 Europe/Berlin</subfield>
    <subfield code="D">https://eu04.alma.exlibrisgroup.com/view/uresolver/49HBZ_NETWORK/openurl?u.ignore_date_coverage=true&amp;portfolio_pid=53436686710006446&amp;Force_direct=true</subfield>
    <subfield code="v">NON_SFX_CREATOR</subfield>
    <subfield code="z">2021-04-16 13:33:05</subfield>
    <subfield code="n"> Available from 2009 issue: 1.</subfield>
    <subfield code="i">false</subfield>
    <subfield code="S">62436539570006446</subfield>
    <subfield code="d">https://hbz-network.userservices.exlibrisgroup.com/view/uresolver/49HBZ_NETWORK/openurl?u.ignore_date_coverage=true&amp;rft.mms_id=99206348251006446</subfield>
    <subfield code="b">Available</subfield>
    <subfield code="f">JOURNAL</subfield>
    <subfield code="8">53436686710006446</subfield>
  </datafield>
  <datafield tag="POC" ind1=" " ind2=" ">
    <subfield code="a">53436686710006446</subfield>
    <subfield code="b">2009</subfield>
    <subfield code="d">1</subfield>
    <subfield code="f">1</subfield>
    <subfield code="j">1</subfield>
  </datafield>
  <datafield tag="POR" ind1=" " ind2=" ">
    <subfield code="j">Ezb</subfield>
    <subfield code="x">System</subfield>
    <subfield code="a">53630816910006449</subfield>
    <subfield code="M">49HBZ_ULM</subfield>
    <subfield code="p">61626439470006449</subfield>
    <subfield code="q">EZB-FREE-00999 freely available EZB journals</subfield>
    <subfield code="c">param</subfield>
    <subfield code="o">615280000000001088</subfield>
    <subfield code="y">2022-07-19 22:29:00 Europe/Berlin</subfield>
    <subfield code="w">2022-07-19 22:28:53 Europe/Berlin</subfield>
    <subfield code="D">https://eu04.alma.exlibrisgroup.com/view/uresolver/49HBZ_NETWORK/openurl?u.ignore_date_coverage=true&amp;portfolio_pid=53630816910006449&amp;Force_direct=true</subfield>
    <subfield code="v">NON_SFX_CREATOR</subfield>
    <subfield code="z">2022-07-19 20:28:53</subfield>
    <subfield code="n"> Available from 2009 issue: 1.</subfield>
    <subfield code="i">false</subfield>
    <subfield code="S">62626439460006449</subfield>
    <subfield code="d">https://hbz-network.userservices.exlibrisgroup.com/view/uresolver/49HBZ_NETWORK/openurl?u.ignore_date_coverage=true&amp;rft.mms_id=991044846530706449</subfield>
    <subfield code="b">Available</subfield>
    <subfield code="f">JOURNAL</subfield>
    <subfield code="8">53630816910006449</subfield>
  </datafield>
  <datafield tag="POC" ind1=" " ind2=" ">
    <subfield code="a">53630816910006449</subfield>
    <subfield code="b">2009</subfield>
    <subfield code="d">1</subfield>
    <subfield code="f">1</subfield>
    <subfield code="j">1</subfield>
  </datafield>
  <datafield tag="POR" ind1=" " ind2=" ">
    <subfield code="j">Ezb</subfield>
    <subfield code="x">System</subfield>
    <subfield code="a">53174758710006463</subfield>
    <subfield code="M">49HBZ_PAD</subfield>
    <subfield code="p">61165839590006463</subfield>
    <subfield code="q">In der EZB frei verfügbare Zeitschriften</subfield>
    <subfield code="c">param</subfield>
    <subfield code="o">615280000000001088</subfield>
    <subfield code="y">2022-08-03 12:13:12 Europe/Berlin</subfield>
    <subfield code="w">2022-08-03 12:13:12 Europe/Berlin</subfield>
    <subfield code="D">https://eu04.alma.exlibrisgroup.com/view/uresolver/49HBZ_NETWORK/openurl?u.ignore_date_coverage=true&amp;portfolio_pid=53174758710006463&amp;Force_direct=true</subfield>
    <subfield code="v">System</subfield>
    <subfield code="z">2022-08-03 10:13:12</subfield>
    <subfield code="n"> Available from 2009 issue: 1.</subfield>
    <subfield code="i">false</subfield>
    <subfield code="S">62165839580006463</subfield>
    <subfield code="d">https://hbz-network.userservices.exlibrisgroup.com/view/uresolver/49HBZ_NETWORK/openurl?u.ignore_date_coverage=true&amp;rft.mms_id=9925050022906463</subfield>
    <subfield code="b">Available</subfield>
    <subfield code="f">JOURNAL</subfield>
    <subfield code="8">53174758710006463</subfield>
  </datafield>
  <datafield tag="POC" ind1=" " ind2=" ">
    <subfield code="a">53174758710006463</subfield>
    <subfield code="b">2009</subfield>
    <subfield code="d">1</subfield>
    <subfield code="f">1</subfield>
    <subfield code="j">1</subfield>
  </datafield>
  <datafield tag="GKT" ind1="2" ind2=" ">
    <subfield code="a">Universität Wuppertal</subfield>
    <subfield code="A">GND</subfield>
    <subfield code="B">GND-000649449</subfield>
    <subfield code="C">410</subfield>
  </datafield>
  <datafield tag="GKT" ind1="2" ind2=" ">
    <subfield code="a">Universitet - Obʺedinennaja Vysšaja Škola</subfield>
    <subfield code="g">Wuppertal</subfield>
    <subfield code="A">GND</subfield>
    <subfield code="B">GND-000649449</subfield>
    <subfield code="C">410</subfield>
  </datafield>
  <datafield tag="GKT" ind1="2" ind2=" ">
    <subfield code="a">Obʺedinennaja Vysšaja Škola</subfield>
    <subfield code="g">Wuppertal</subfield>
    <subfield code="A">GND</subfield>
    <subfield code="B">GND-000649449</subfield>
    <subfield code="C">410</subfield>
  </datafield>
  <datafield tag="GKT" ind1="2" ind2=" ">
    <subfield code="a">Bergskij Universitet - Obʺedinennaja Vysšaja Škola</subfield>
    <subfield code="A">GND</subfield>
    <subfield code="B">GND-000649449</subfield>
    <subfield code="C">410</subfield>
  </datafield>
  <datafield tag="GKT" ind1="2" ind2=" ">
    <subfield code="a">Bergskij Universitet</subfield>
    <subfield code="A">GND</subfield>
    <subfield code="B">GND-000649449</subfield>
    <subfield code="C">410</subfield>
  </datafield>
  <datafield tag="GKT" ind1="2" ind2=" ">
    <subfield code="a">Uni Wuppertal</subfield>
    <subfield code="A">GND</subfield>
    <subfield code="B">GND-000649449</subfield>
    <subfield code="C">410</subfield>
  </datafield>
  <datafield tag="GKT" ind1="2" ind2=" ">
    <subfield code="a">Wuppertaler Uni</subfield>
    <subfield code="A">GND</subfield>
    <subfield code="B">GND-000649449</subfield>
    <subfield code="C">410</subfield>
  </datafield>
  <datafield tag="GKT" ind1="2" ind2=" ">
    <subfield code="a">Bergische Universität - Gesamthochschule Wuppertal</subfield>
    <subfield code="A">GND</subfield>
    <subfield code="B">GND-000649449</subfield>
    <subfield code="C">410</subfield>
  </datafield>
  <datafield tag="GKT" ind1="2" ind2=" ">
    <subfield code="a">BUGH</subfield>
    <subfield code="4">abku</subfield>
    <subfield code="i">Abkuerzung</subfield>
    <subfield code="A">GND</subfield>
    <subfield code="B">GND-000649449</subfield>
    <subfield code="C">410</subfield>
  </datafield>
  <datafield tag="GKT" ind1="2" ind2=" ">
    <subfield code="a">BUGHS</subfield>
    <subfield code="4">abku</subfield>
    <subfield code="i">Abkuerzung</subfield>
    <subfield code="A">GND</subfield>
    <subfield code="B">GND-000649449</subfield>
    <subfield code="C">410</subfield>
  </datafield>
  <datafield tag="GKT" ind1="2" ind2=" ">
    <subfield code="a">Universität - Gesamthochschule Wuppertal</subfield>
    <subfield code="A">GND</subfield>
    <subfield code="B">GND-000649449</subfield>
    <subfield code="C">410</subfield>
  </datafield>
  <datafield tag="GKT" ind1="2" ind2=" ">
    <subfield code="a">Bergische University of Wuppertal</subfield>
    <subfield code="A">GND</subfield>
    <subfield code="B">GND-000649449</subfield>
    <subfield code="C">410</subfield>
  </datafield>
  <datafield tag="GKT" ind1="2" ind2=" ">
    <subfield code="a">BUW</subfield>
    <subfield code="4">abku</subfield>
    <subfield code="i">Abkuerzung</subfield>
    <subfield code="A">GND</subfield>
    <subfield code="B">GND-000649449</subfield>
    <subfield code="C">410</subfield>
  </datafield>
  <datafield tag="GKT" ind1="2" ind2=" ">
    <subfield code="a">University of Wuppertal</subfield>
    <subfield code="A">GND</subfield>
    <subfield code="B">GND-000649449</subfield>
    <subfield code="C">410</subfield>
  </datafield>
  <datafield tag="GSI" ind1="7" ind2=" ">
    <subfield code="a">64944-2</subfield>
    <subfield code="0">http://d-nb.info/gnd/64944-2</subfield>
    <subfield code="2">gnd</subfield>
    <subfield code="A">GND</subfield>
    <subfield code="B">GND-000649449</subfield>
    <subfield code="C">024</subfield>
  </datafield>
  <datafield tag="GSI" ind1="7" ind2=" ">
    <subfield code="a">0000 0001 2364 5811</subfield>
    <subfield code="2">isni</subfield>
    <subfield code="A">GND</subfield>
    <subfield code="B">GND-000649449</subfield>
    <subfield code="C">024</subfield>
  </datafield>
  <datafield tag="GSI" ind1="7" ind2=" ">
    <subfield code="a">Q447953</subfield>
    <subfield code="2">wikidata</subfield>
    <subfield code="A">GND</subfield>
    <subfield code="B">GND-000649449</subfield>
    <subfield code="C">024</subfield>
  </datafield>
  <datafield tag="GSI" ind1="7" ind2=" ">
    <subfield code="a">00613ak93</subfield>
    <subfield code="2">ror</subfield>
    <subfield code="A">GND</subfield>
    <subfield code="B">GND-000649449</subfield>
    <subfield code="C">024</subfield>
  </datafield>
</record>
